
@article{memari2019retinal,
  title={Retinal blood vessel segmentation by using matched filtering and fuzzy c-means clustering with integrated level set method for diabetic retinopathy assessment},
  author={Memari, Nogol and Ramli, Abd Rahman and Saripan, M Iqbal Bin and Mashohor, Syamsiah and Moghbel, Mehrdad},
  journal={Journal of Medical and Biological Engineering},
  volume={39},
  pages={713--731},
  year={2019},
  publisher={Springer}
}


@article{chaudhuri1989detection,
  title={Detection of blood vessels in retinal images using two-dimensional matched filters},
  author={Chaudhuri, Subhasis and Chatterjee, Shankar and Katz, Norman and Nelson, Mark and Goldbaum, Michael},
  journal={IEEE Transactions on medical imaging},
  volume={8},
  number={3},
  pages={263--269},
  year={1989},
  publisher={IEEE}
}

@article{zana2001segmentation,
  title={Segmentation of vessel-like patterns using mathematical morphology and curvature evaluation},
  author={Zana, Frederic and Klein, J-C},
  journal={IEEE transactions on image processing},
  volume={10},
  number={7},
  pages={1010--1019},
  year={2001},
  publisher={IEEE}
}

@article{galdran2022state,
  title={State-of-the-art retinal vessel segmentation with minimalistic models},
  author={Galdran, Adrian and Anjos, Andr{\'e} and Dolz, Jos{\'e} and Chakor, Hadi and Lombaert, Herv{\'e} and Ayed, Ismail Ben},
  journal={Scientific Reports},
  volume={12},
  number={1},
  pages={6174},
  year={2022},
  publisher={Nature Publishing Group UK London}
}

@inproceedings{salem2006segmentation,
  title={Segmentation of retinal blood vessels using scale-space features and K-nearest neighbour classifier},
  author={Salem, Nancy M and Nandi, Asoke K},
  booktitle={2006 IEEE International Conference on Acoustics Speech and Signal Processing Proceedings},
  volume={2},
  pages={II--II},
  year={2006},
  organization={IEEE}
}

@online{drivedataset,
  title     = {DRIVE: Digital Retinal Images for Vessel Extraction},
  author    = {{Kaggle Contributor: andrewmvd}},
  year      = 2020,
  url       = {https://www.kaggle.com/datasets/andrewmvd/drive-digital-retinal-images-for-vessel-extraction},
  urldate   = {2025-06-16},
  note      = {Accessed 16 Jun 2025}
}


@inproceedings{ronneberger2015u,
  title={U-net: Convolutional networks for biomedical image segmentation},
  author={Ronneberger, Olaf and Fischer, Philipp and Brox, Thomas},
  booktitle={Medical image computing and computer-assisted intervention--MICCAI 2015: 18th international conference, Munich, Germany, October 5-9, 2015, proceedings, part III 18},
  pages={234--241},
  year={2015},
  organization={Springer}
}

@article{li2021blood,
  title={Blood vessel segmentation of retinal image based on dense-U-Net network},
  author={Li, Zhenwei and Jia, Mengli and Yang, Xiaoli and Xu, Mengying},
  journal={Micromachines},
  volume={12},
  number={12},
  pages={1478},
  year={2021},
  publisher={MDPI}
}

@article{oktay2018attention,
  title={Attention u-net: Learning where to look for the pancreas},
  author={Oktay, Ozan and Schlemper, Jo and Folgoc, Loic Le and Lee, Matthew and Heinrich, Mattias and Misawa, Kazunari and Mori, Kensaku and McDonagh, Steven and Hammerla, Nils Y and Kainz, Bernhard and others},
  journal={arXiv preprint arXiv:1804.03999},
  year={2018}
}

@article{he2022curv,
  title={Curv-Net: curvilinear structure segmentation network based on selective kernel and multi-Bi-ConvLSTM},
  author={He, Yanlin and Sun, Hui and Yi, Yugen and Chen, Wenhe and Kong, Jun and Zheng, Caixia},
  journal={Medical Physics},
  volume={49},
  number={5},
  pages={3144--3158},
  year={2022},
  publisher={Wiley Online Library}
}

@article{desiani2023denoised,
  title={Denoised Non-Local Means with BDDU-Net Architecture for Robust Retinal Blood Vessel Segmentation},
  author={Desiani, Anita and Erwin and Suprihatin, Bambang and Riana, Dwiza and Arhami, Muhammad and Ramayanti, Indri and Utama, Yadi},
  journal={International Journal of Pattern Recognition and Artificial Intelligence},
  volume={37},
  number={16},
  pages={2357016},
  year={2023},
  publisher={World Scientific}
}
